@STRING{jan = "Jan."}
@STRING{feb = "Feb."}
@STRING{mar = "March"}
@STRING{apr = "April"}
@STRING{may = "May"}
@STRING{jun = "June"}
@STRING{jul = "July"}
@STRING{aug = "Aug."}
@STRING{sep = "Sept."}
@STRING{oct = "Oct."}
@STRING{nov = "Nov."}
@STRING{dec = "Dec."}
@STRING{cie = "ACM Computers in Entertainment"}
@STRING{csur = "ACM Computing Surveys"}
@STRING{dgov = "Digital Government: Research and Practice"}
@STRING{dtrap = "Digital Threats: Research and Practice"}
@STRING{health = "ACM Transactions on Computing for Healthcare"}
@STRING{imwut = "PACM on Interactive, Mobile, Wearable and Ubiquitous Technologies"}
@STRING{jacm = "Journal of the ACM"}
@STRING{jdiq = "ACM Journal of Data and Information Quality"}
@STRING{jea = "ACM Journal of Experimental Algorithmics"}
@STRING{jeric = "ACM Journal of Educational Resources in Computing"}
@STRING{jetc = "ACM Journal on Emerging Technologies in Computing Systems"}
@STRING{jocch = "ACM Journal on Computing and Cultural Heritage"}
@STRING{pacmcgit = "Proceedings of the ACM on Computer Graphics and Interactive Techniques"}
@STRING{pacmhci = "PACM on Human-Computer Interaction"}
@STRING{pacmpl = "PACM on Programming Languages"}
@STRING{pomacs = "PACM on Measurement and Analysis of Computing Systems"}
@STRING{taas = "ACM Transactions on Autonomous and Adaptive Systems"}
@STRING{taccess = "ACM Transactions on Accessible Computing"}
@STRING{taco = "ACM Transactions on Architecture and Code Optimization"}
@STRING{talg = "ACM Transactions on Algorithms"}
@STRING{tallip = "ACM Transactions on Asian and Low-Resource Language Information Processing"}
@STRING{tap = "ACM Transactions on Applied Perception"}
@STRING{tcps = "ACM Transactions on Cyber-Physical Systems"}
@STRING{tds = "ACM/IMS Transactions on Data Science"}
@STRING{teac = "ACM Transactions on Economics and Computation"}
@STRING{tecs = "ACM Transactions on Embedded Computing Systems"}
@STRING{telo = "ACM Transactions on Evolutionary Learning"}
@STRING{thri = "ACM Transactions on Human-Robot Interaction"}
@STRING{tiis = "ACM Transactions on Interactive Intelligent Systems"}
@STRING{tiot = "ACM Transactions on Internet of Things"}
@STRING{tissec = "ACM Transactions on Information and System Security"}
@STRING{tist = "ACM Transactions on Intelligent Systems and Technology"}
@STRING{tkdd = "ACM Transactions on Knowledge Discovery from Data"}
@STRING{tmis = "ACM Transactions on Management Information Systems"}
@STRING{toce = "ACM Transactions on Computing Education"}
@STRING{tochi = "ACM Transactions on Computer-Human Interaction"}
@STRING{tocl = "ACM Transactions on Computational Logic"}
@STRING{tocs = "ACM Transactions on Computer Systems"}
@STRING{toct = "ACM Transactions on Computation Theory"}
@STRING{todaes = "ACM Transactions on Design Automation of Electronic Systems"}
@STRING{tods = "ACM Transactions on Database Systems"}
@STRING{tog = "ACM Transactions on Graphics"}
@STRING{tois = "ACM Transactions on Information Systems"}
@STRING{toit = "ACM Transactions on Internet Technology"}
@STRING{tomacs = "ACM Transactions on Modeling and Computer Simulation"}
@STRING{tomm = "ACM Transactions on Multimedia Computing, Communications and Applications"}
@STRING{tompecs = "ACM Transactions on Modeling and Performance Evaluation of Computing Systems"}
@STRING{toms = "ACM Transactions on Mathematical Software"}
@STRING{topc = "ACM Transactions on Parallel Computing"}
@STRING{toplas = "ACM Transactions on Programming Languages and Systems"}
@STRING{tops = "ACM Transactions on Privacy and Security"}
@STRING{tos = "ACM Transactions on Storage"}
@STRING{tosem = "ACM Transactions on Software Engineering and Methodology"}
@STRING{tosn = "ACM Transactions on Sensor Networks"}
@STRING{tqc = "ACM Transactions on Quantum Computing"}
@STRING{trets = "ACM Transactions on Reconfigurable Technology and Systems"}
@STRING{tsas = "ACM Transactions on Spatial Algorithms and Systems"}
@STRING{tsc = "ACM Transactions on Social Computing"}
@STRING{tslp = "ACM Transactions on Speech and Language Processing"}
@STRING{tweb = "ACM Transactions on the Web"}
@STRING{acmcs = "ACM Computing Surveys"}
@STRING{acta = "Acta Informatica"}
@STRING{cacm = "Communications of the ACM"}
@STRING{ibmjrd = "IBM Journal of Research and Development"}
@STRING{ibmsj = "IBM Systems Journal"}
@STRING{ieeese = "IEEE Transactions on Software Engineering"}
@STRING{ieeetc = "IEEE Transactions on Computers"}
@STRING{ieeetcad = "IEEE Transactions on Computer-Aided Design of Integrated Circuits"}
@STRING{ipl = "Information Processing Letters"}
@STRING{jcss = "Journal of Computer and System Sciences"}
@STRING{scp = "Science of Computer Programming"}
@STRING{sicomp = "SIAM Journal on Computing"}
@STRING{toois = "ACM Transactions on Office Information Systems"}
@STRING{tcs = "Theoretical Computer Science"}
